<record><leader>00000cas a22000007a 4500</leader><controlfield tag="001">43369019</controlfield><controlfield tag="008">000131d1938193unmumr ne      0    0eng d</controlfield><datafield ind1=" " ind2=" " tag="010"><subfield code="a">sn 99066950 </subfield></datafield><datafield ind1=" " ind2=" " tag="040"><subfield code="a">NVK</subfield><subfield code="b">eng</subfield><subfield code="c">NVK</subfield><subfield code="d">OCLCO</subfield></datafield><datafield ind1="1" ind2=" " tag="029"><subfield code="a">AU@</subfield><subfield code="b">000021316025</subfield></datafield><datafield ind1=" " ind2=" " tag="042"><subfield code="a">msc</subfield></datafield><datafield ind1=" " ind2=" " tag="043"><subfield code="a">n-us-nm</subfield></datafield><datafield ind1="0" ind2=" " tag="130"><subfield code="a">Prairie times (Whitewater, N.M.)</subfield></datafield><datafield ind1="0" ind2="0" tag="245"><subfield code="a">Prairie times.</subfield></datafield><datafield ind1=" " ind2=" " tag="260"><subfield code="a">Whitewater, N.M. :</subfield><subfield code="b">C.C.C. Co. 2356,</subfield><subfield code="c">1938-</subfield></datafield><datafield ind1=" " ind2=" " tag="300"><subfield code="a">v.</subfield></datafield><datafield ind1=" " ind2=" " tag="310"><subfield code="a">Monthly</subfield></datafield><datafield ind1="0" ind2=" " tag="362"><subfield code="a">Vol. 1, no. 1 (Aug. 1938)-</subfield></datafield><datafield ind1=" " ind2=" " tag="500"><subfield code="a">Company 2356 was previously stationed in Amherst, Va.</subfield></datafield><datafield ind1=" " ind2=" " tag="500"><subfield code="a">Camp SCS-15-N.</subfield></datafield><datafield ind1=" " ind2=" " tag="530"><subfield code="a">Available on microfiche from the Center for Research Libraries.</subfield></datafield><datafield ind1=" " ind2=" " tag="580"><subfield code="a">C.C.C. Co. 2356 previously published: Buffalo prints.</subfield></datafield><datafield ind1=" " ind2=" " tag="580"><subfield code="a">C.C.C. Co. 2356 later published: Camp crier (Whitewater, N.M.).</subfield></datafield><datafield ind1="2" ind2="0" tag="610"><subfield code="a">Civilian Conservation Corps (U.S.)</subfield><subfield code="v">Newspapers.</subfield></datafield><datafield ind1=" " ind2="0" tag="651"><subfield code="a">Whitewater (N.M.)</subfield><subfield code="v">Newspapers.</subfield></datafield><datafield ind1="2" ind2=" " tag="710"><subfield code="a">Civilian Conservation Corps (U.S.).</subfield><subfield code="b">Company 2356 (Whitewater, N.M.)</subfield></datafield><datafield ind1=" " ind2=" " tag="752"><subfield code="a">United States</subfield><subfield code="b">New Mexico</subfield><subfield code="c">Grant</subfield><subfield code="d">Whitewater.</subfield></datafield><datafield ind1="1" ind2=" " tag="787"><subfield code="t">Buffalo prints</subfield><subfield code="w">(DLC)sn 99066958</subfield></datafield><datafield ind1="1" ind2=" " tag="787"><subfield code="t">Camp crier (Whitewater, N.M.)</subfield><subfield code="w">(DLC)sn 99066960</subfield></datafield><datafield ind1=" " ind2=" " tag="936"><subfield code="a">Vol. 1, no. 2 (Sept. 1938) LIC</subfield></datafield></record>